Abu Dhabi Commercial Bank (ADCB)
Account Holder: Karim Mansour
Card Number: 4521-XXXX-XXXX-8829
Statement Period: 01 Sep 2025 to 31 May 2026
Currency: AED
Opening Balance: 0.00

Transaction Date,Value Date,Description,Reference No,Debit (AED),Credit (AED),Balance (AED)
03/09/2025,03/09/2025,CAREEM NOW DUBAI,TXN68664589,156.72,,156.72
03/09/2025,03/09/2025,RTA SALIK TOLL,TXN36117720,4.00,,160.72
03/09/2025,03/09/2025,NETFLIX.COM PREMIUM,TXN96607178,56.00,,216.72
04/09/2025,04/09/2025,ASTER PHARMACY JVC,TXN73164239,57.16,,273.88
04/09/2025,04/09/2025,AMAZON PRIME UAE,TXN80594725,16.00,,289.88
05/09/2025,05/09/2025,PIZZA HUT DELIVERY,TXN28819154,306.32,,596.20
06/09/2025,06/09/2025,DELIVEROO UAE,TXN72783925,113.82,,710.02
06/09/2025,06/09/2025,RTA SALIK TOLL,TXN63139073,4.00,,714.02
06/09/2025,06/09/2025,UBER B.V. DUBAI,TXN14408661,46.81,,760.83
06/09/2025,06/09/2025,NOON.COM VIP MEMBERSHIP,TXN96296613,7.50,,768.33
07/09/2025,07/09/2025,RTA SALIK TOLL,TXN78633396,4.00,,772.33
09/09/2025,09/09/2025,RTA SALIK TOLL,TXN27922747,4.00,,776.33
09/09/2025,09/09/2025,VOX CINEMAS MOE,TXN22818727,305.26,,1081.59
09/09/2025,09/09/2025,DISNEY PLUS UAE,TXN88939057,39.99,,1121.58
10/09/2025,10/09/2025,SPOTIFY AB FAMILY PLAN,TXN64064458,29.90,,1151.48
11/09/2025,11/09/2025,LULU HYPERMARKET JVC,TXN94381679,515.74,,1667.22
11/09/2025,11/09/2025,RTA SALIK TOLL,TXN24656114,4.00,,1671.22
11/09/2025,11/09/2025,OSN STREAMING ARABIC,TXN33468329,99.00,,1770.22
12/09/2025,12/09/2025,RTA SALIK TOLL,TXN22591332,4.00,,1774.22
14/09/2025,14/09/2025,CARREFOUR HYPERMARKET MOE,TXN35553527,445.40,,2219.62
15/09/2025,15/09/2025,ZOMATO UAE,TXN80948649,140.47,,2360.09
15/09/2025,15/09/2025,RTA SALIK TOLL,TXN56368156,4.00,,2364.09
16/09/2025,16/09/2025,OPERATION FALAFEL JVC,TXN63893975,165.80,,2529.89
16/09/2025,16/09/2025,RTA SALIK TOLL,TXN18170667,4.00,,2533.89
16/09/2025,16/09/2025,APPLE ICLOUD PLUS FAMILY,TXN71207308,11.49,,2545.38
17/09/2025,17/09/2025,RTA SALIK TOLL,TXN15618315,4.00,,2549.38
18/09/2025,18/09/2025,MERAAS PARKING,TXN12668772,13.04,,2562.42
18/09/2025,18/09/2025,LINKEDIN PREMIUM CAREER,TXN32341241,99.00,,2661.42
19/09/2025,19/09/2025,RTA SALIK TOLL,TXN27194559,4.00,,2665.42
19/09/2025,19/09/2025,RTA SALIK TOLL,TXN38624812,4.00,,2669.42
20/09/2025,20/09/2025,SMILES BY ETISALAT,TXN82973542,94.51,,2763.93
20/09/2025,20/09/2025,FIRSTCRY.AE,TXN64304013,439.05,,3202.98
21/09/2025,21/09/2025,PAYMENT RECEIVED - THANK YOU,TXN87842906,,5771.95,-2568.97
22/09/2025,22/09/2025,RTA SALIK TOLL,TXN62694279,4.00,,-2564.97
23/09/2025,23/09/2025,RTA SALIK TOLL,TXN90720397,4.00,,-2560.97
24/09/2025,24/09/2025,WEST ZONE SUPERMARKET JVC,TXN54881134,463.28,,-2097.69
24/09/2025,24/09/2025,MAX FASHION MIRDIF,TXN37460878,395.09,,-1702.60
25/09/2025,25/09/2025,UNION COOP AL BARSHA,TXN44916676,631.41,,-1071.19
25/09/2025,25/09/2025,RTA SALIK TOLL,TXN39723623,4.00,,-1067.19
25/09/2025,25/09/2025,PARKIN DUBAI,TXN26973902,15.82,,-1051.37
26/09/2025,26/09/2025,RTA SALIK TOLL,TXN75863067,4.00,,-1047.37
26/09/2025,26/09/2025,MERAAS PARKING,TXN49677645,26.95,,-1020.42
27/09/2025,27/09/2025,FIRSTCRY.AE,TXN63073828,299.40,,-721.02
27/09/2025,27/09/2025,VOX CINEMAS MOE,TXN52749169,298.67,,-422.35
28/09/2025,28/09/2025,CAFE NERO MOE,TXN53025755,41.30,,-381.05
28/09/2025,28/09/2025,RTA SALIK TOLL,TXN14564136,4.00,,-377.05
28/09/2025,28/09/2025,RTA SALIK TOLL,TXN18821881,4.00,,-373.05
30/09/2025,30/09/2025,TALABAT.COM DUBAI,TXN37027331,84.40,,-288.65
30/09/2025,30/09/2025,RTA SALIK TOLL,TXN58575520,4.00,,-284.65
01/10/2025,01/10/2025,CAREEM NOW DUBAI,TXN25995890,145.29,,-139.36
02/10/2025,02/10/2025,STARBUCKS JVC,TXN17013449,25.57,,-113.79
02/10/2025,02/10/2025,MERAAS PARKING,TXN17086964,27.48,,-86.31
03/10/2025,03/10/2025,MCDONALDS JVC,TXN68500500,163.10,,76.79
03/10/2025,03/10/2025,RTA SALIK TOLL,TXN35995391,4.00,,80.79
04/10/2025,04/10/2025,AMAZON PRIME UAE,TXN75030619,16.00,,96.79
05/10/2025,05/10/2025,RTA SALIK TOLL,TXN19535294,4.00,,100.79
05/10/2025,05/10/2025,CENTREPOINT JVC,TXN73691735,413.30,,514.09
05/10/2025,05/10/2025,NETFLIX.COM PREMIUM,TXN19744349,56.00,,570.09
06/10/2025,06/10/2025,CHOITHRAMS JVC,TXN96527602,387.56,,957.65
06/10/2025,06/10/2025,UBER B.V. DUBAI,TXN26633697,63.52,,1021.17
06/10/2025,06/10/2025,NOON.COM VIP MEMBERSHIP,TXN32689444,7.50,,1028.67
07/10/2025,07/10/2025,RTA SALIK TOLL,TXN46248600,4.00,,1032.67
07/10/2025,07/10/2025,RTA SALIK TOLL,TXN40390957,4.00,,1036.67
07/10/2025,07/10/2025,UBER B.V. DUBAI,TXN41602175,23.58,,1060.25
08/10/2025,08/10/2025,KFC MOE,TXN94541594,154.08,,1214.33
08/10/2025,08/10/2025,PARKIN DUBAI,TXN59111668,19.28,,1233.61
08/10/2025,08/10/2025,SPOTIFY AB FAMILY PLAN,TXN19758575,29.90,,1263.51
09/10/2025,09/10/2025,RTA SALIK TOLL,TXN66068082,4.00,,1267.51
11/10/2025,11/10/2025,RTA SALIK TOLL,TXN55469660,4.00,,1271.51
11/10/2025,11/10/2025,RTA SALIK TOLL,TXN84342000,4.00,,1275.51
11/10/2025,11/10/2025,CENTREPOINT JVC,TXN59279643,178.02,,1453.53
11/10/2025,11/10/2025,OSN STREAMING ARABIC,TXN14745043,99.00,,1552.53
12/10/2025,12/10/2025,PARKIN DUBAI,TXN89794472,18.67,,1571.20
12/10/2025,12/10/2025,DISNEY PLUS UAE,TXN84649251,39.99,,1611.19
13/10/2025,13/10/2025,RTA SALIK TOLL,TXN97965775,4.00,,1615.19
14/10/2025,14/10/2025,RTA SALIK TOLL,TXN64547972,4.00,,1619.19
14/10/2025,14/10/2025,RTA SALIK TOLL,TXN83197813,4.00,,1623.19
15/10/2025,15/10/2025,CAFE NERO MOE,TXN12138526,39.00,,1662.19
15/10/2025,15/10/2025,APPLE ICLOUD PLUS FAMILY,TXN24139927,11.49,,1673.68
16/10/2025,16/10/2025,DELIVEROO UAE,TXN53591243,124.12,,1797.80
16/10/2025,16/10/2025,RTA SALIK TOLL,TXN44052253,4.00,,1801.80
16/10/2025,16/10/2025,CARREFOUR ONLINE,TXN39222193,215.96,,2017.76
17/10/2025,17/10/2025,TIM HORTONS MIRDIF,TXN24537657,31.21,,2048.97
17/10/2025,17/10/2025,ENOC AL BARSHA,TXN61930323,246.34,,2295.31
17/10/2025,17/10/2025,RTA SALIK TOLL,TXN20233067,4.00,,2299.31
18/10/2025,18/10/2025,ENOC AL BARSHA,TXN15608864,248.04,,2547.35
18/10/2025,18/10/2025,UBER B.V. DUBAI,TXN36098572,45.76,,2593.11
18/10/2025,18/10/2025,BIN SINA PHARMACY MOE,TXN94216826,115.68,,2708.79
18/10/2025,18/10/2025,LINKEDIN PREMIUM CAREER,TXN13360434,99.00,,2807.79
19/10/2025,19/10/2025,CAREEM NETWORKS DUBAI,TXN29418693,40.48,,2848.27
20/10/2025,20/10/2025,RTA SALIK TOLL,TXN33750581,4.00,,2852.27
20/10/2025,20/10/2025,RTA SALIK TOLL,TXN57085028,4.00,,2856.27
21/10/2025,21/10/2025,RTA SALIK TOLL,TXN10235194,4.00,,2860.27
21/10/2025,21/10/2025,RTA SALIK TOLL,TXN31003860,4.00,,2864.27
21/10/2025,21/10/2025,RTA SALIK TOLL,TXN24597160,4.00,,2868.27
21/10/2025,21/10/2025,PAYMENT RECEIVED - THANK YOU,TXN57578565,,7315.38,-4447.11
22/10/2025,22/10/2025,SPINNEYS DUBAI MARINA,TXN31253986,230.14,,-4216.97
22/10/2025,22/10/2025,TEXAS ROADHOUSE JBR,TXN10249447,215.02,,-4001.95
23/10/2025,23/10/2025,PARKIN DUBAI,TXN59376128,16.14,,-3985.81
24/10/2025,24/10/2025,PF CHANGS DIFC,TXN25814284,126.93,,-3858.88
24/10/2025,24/10/2025,RTA SALIK TOLL,TXN21293389,4.00,,-3854.88
25/10/2025,25/10/2025,RTA SALIK TOLL,TXN46564788,4.00,,-3850.88
26/10/2025,26/10/2025,RTA SALIK TOLL,TXN81374654,4.00,,-3846.88
26/10/2025,26/10/2025,RTA SALIK TOLL,TXN28414338,4.00,,-3842.88
26/10/2025,26/10/2025,GLOBAL VILLAGE TICKETS,TXN90687312,333.57,,-3509.31
27/10/2025,27/10/2025,RTA SALIK TOLL,TXN97472826,4.00,,-3505.31
28/10/2025,28/10/2025,DELIVEROO UAE,TXN43638581,132.37,,-3372.94
30/10/2025,30/10/2025,TEXAS ROADHOUSE JBR,TXN25677591,284.43,,-3088.51
30/10/2025,30/10/2025,RTA SALIK TOLL,TXN78479872,4.00,,-3084.51
30/10/2025,30/10/2025,RTA SALIK TOLL,TXN38354028,4.00,,-3080.51
31/10/2025,31/10/2025,TALABAT.COM DUBAI,TXN48774193,70.71,,-3009.80
31/10/2025,31/10/2025,TIM HORTONS MIRDIF,TXN25568427,25.19,,-2984.61
01/11/2025,01/11/2025,CHOITHRAMS JVC,TXN86155157,594.23,,-2390.38
01/11/2025,01/11/2025,CAREEM NOW DUBAI,TXN12362405,162.66,,-2227.72
02/11/2025,02/11/2025,CAREEM NOW DUBAI,TXN80960647,150.99,,-2076.73
02/11/2025,02/11/2025,RTA SALIK TOLL,TXN27885257,4.00,,-2072.73
02/11/2025,02/11/2025,RTA SALIK TOLL,TXN38742313,4.00,,-2068.73
04/11/2025,04/11/2025,CAREEM NOW DUBAI,TXN78330617,106.91,,-1961.82
05/11/2025,05/11/2025,CAFE NERO MOE,TXN64049171,25.23,,-1936.59
05/11/2025,05/11/2025,RTA SALIK TOLL,TXN95438666,4.00,,-1932.59
05/11/2025,05/11/2025,BIN SINA PHARMACY MOE,TXN18832998,185.70,,-1746.89
05/11/2025,05/11/2025,NETFLIX.COM PREMIUM,TXN40480829,56.00,,-1690.89
05/11/2025,05/11/2025,AMAZON PRIME UAE,TXN60324648,16.00,,-1674.89
06/11/2025,06/11/2025,RTA SALIK TOLL,TXN27727371,4.00,,-1670.89
06/11/2025,06/11/2025,NOON.COM VIP MEMBERSHIP,TXN25278675,7.50,,-1663.39
07/11/2025,07/11/2025,RTA SALIK TOLL,TXN27548491,4.00,,-1659.39
07/11/2025,07/11/2025,NOON.COM,TXN34800313,337.94,,-1321.45
07/11/2025,07/11/2025,VOX CINEMAS MOE,TXN33484913,184.21,,-1137.24
08/11/2025,08/11/2025,SPOTIFY AB FAMILY PLAN,TXN39004202,29.90,,-1107.34
08/11/2025,08/11/2025,PLAY CITY DUBAI MARINA BIRTHDAY PACKAGE,TXN80079168,1850.00,,742.66
08/11/2025,08/11/2025,TOYS R US DUBAI MALL,TXN99215862,620.00,,1362.66
09/11/2025,09/11/2025,MERAAS PARKING,TXN60669311,25.97,,1388.63
10/11/2025,10/11/2025,LULU HYPERMARKET JVC,TXN37481909,523.84,,1912.47
11/11/2025,11/11/2025,RTA SALIK TOLL,TXN75621662,4.00,,1916.47
12/11/2025,12/11/2025,RTA SALIK TOLL,TXN81447513,4.00,,1920.47
12/11/2025,12/11/2025,DISNEY PLUS UAE,TXN72282275,39.99,,1960.46
12/11/2025,12/11/2025,OSN STREAMING ARABIC,TXN75166215,99.00,,2059.46
13/11/2025,13/11/2025,STARBUCKS JVC,TXN63104400,25.23,,2084.69
14/11/2025,14/11/2025,OPERATION FALAFEL JVC,TXN16186663,101.39,,2186.08
14/11/2025,14/11/2025,EPPCO JEBEL ALI,TXN48804281,230.82,,2416.90
14/11/2025,14/11/2025,RTA SALIK TOLL,TXN11601630,4.00,,2420.90
15/11/2025,15/11/2025,CAREEM NETWORKS DUBAI,TXN58262706,34.36,,2455.26
15/11/2025,15/11/2025,APPLE ICLOUD PLUS FAMILY,TXN50926383,11.49,,2466.75
17/11/2025,17/11/2025,RTA SALIK TOLL,TXN33002231,4.00,,2470.75
17/11/2025,17/11/2025,CAREEM NETWORKS DUBAI,TXN48412091,35.82,,2506.57
18/11/2025,18/11/2025,COSTA COFFEE MOE,TXN62003728,21.54,,2528.11
18/11/2025,18/11/2025,RTA SALIK TOLL,TXN79740974,4.00,,2532.11
18/11/2025,18/11/2025,LINKEDIN PREMIUM CAREER,TXN53624002,99.00,,2631.11
19/11/2025,19/11/2025,TIM HORTONS MIRDIF,TXN48503818,44.25,,2675.36
20/11/2025,20/11/2025,SPINNEYS DUBAI MARINA,TXN30446798,472.24,,3147.60
20/11/2025,20/11/2025,RTA SALIK TOLL,TXN44354402,4.00,,3151.60
21/11/2025,21/11/2025,SMILES BY ETISALAT,TXN28835729,74.22,,3225.82
21/11/2025,21/11/2025,RTA SALIK TOLL,TXN70029008,4.00,,3229.82
22/11/2025,22/11/2025,PAYMENT RECEIVED - THANK YOU,TXN67774778,,6942.26,-3712.44
23/11/2025,23/11/2025,EPPCO JEBEL ALI,TXN46098000,199.13,,-3513.31
24/11/2025,24/11/2025,UBER B.V. DUBAI,TXN19454289,52.78,,-3460.53
26/11/2025,26/11/2025,RTA SALIK TOLL,TXN95239113,4.00,,-3456.53
26/11/2025,26/11/2025,RTA SALIK TOLL,TXN31021022,4.00,,-3452.53
27/11/2025,27/11/2025,LULU HYPERMARKET JVC,TXN92430404,487.46,,-2965.07
27/11/2025,27/11/2025,TIM HORTONS MIRDIF,TXN94297440,20.28,,-2944.79
28/11/2025,28/11/2025,TALABAT.COM DUBAI,TXN75797118,92.38,,-2852.41
28/11/2025,28/11/2025,STARBUCKS JVC,TXN51664608,25.21,,-2827.20
29/11/2025,29/11/2025,SPINNEYS DUBAI MARINA,TXN44240516,421.24,,-2405.96
29/11/2025,29/11/2025,TIM HORTONS MIRDIF,TXN94914852,44.03,,-2361.93
29/11/2025,29/11/2025,RTA SALIK TOLL,TXN69671446,4.00,,-2357.93
29/11/2025,29/11/2025,RTA SALIK TOLL,TXN64212727,4.00,,-2353.93
01/12/2025,01/12/2025,RTA SALIK TOLL,TXN63833579,4.00,,-2349.93
01/12/2025,01/12/2025,RTA SALIK TOLL,TXN15302065,4.00,,-2345.93
01/12/2025,01/12/2025,MERAAS PARKING,TXN47032362,19.47,,-2326.46
02/12/2025,02/12/2025,RTA SALIK TOLL,TXN72683841,4.00,,-2322.46
03/12/2025,03/12/2025,CARREFOUR HYPERMARKET MOE,TXN21838188,363.01,,-1959.45
04/12/2025,04/12/2025,TALABAT.COM DUBAI,TXN40053088,118.33,,-1841.12
04/12/2025,04/12/2025,NETFLIX.COM PREMIUM,TXN92299544,56.00,,-1785.12
05/12/2025,05/12/2025,UNION COOP AL BARSHA,TXN40542322,321.86,,-1463.26
05/12/2025,05/12/2025,EPPCO JEBEL ALI,TXN62514890,185.36,,-1277.90
05/12/2025,05/12/2025,EPPCO JEBEL ALI,TXN16903388,195.39,,-1082.51
05/12/2025,05/12/2025,AMAZON PRIME UAE,TXN98815688,16.00,,-1066.51
06/12/2025,06/12/2025,UNION COOP AL BARSHA,TXN58521405,549.69,,-516.82
06/12/2025,06/12/2025,STARBUCKS JVC,TXN55705413,44.53,,-472.29
07/12/2025,07/12/2025,OPERATION FALAFEL JVC,TXN12840819,297.26,,-175.03
07/12/2025,07/12/2025,RTA SALIK TOLL,TXN48204430,4.00,,-171.03
07/12/2025,07/12/2025,RTA SALIK TOLL,TXN87110232,4.00,,-167.03
07/12/2025,07/12/2025,RTA SALIK TOLL,TXN62892909,4.00,,-163.03
08/12/2025,08/12/2025,UBER B.V. DUBAI,TXN58922860,38.60,,-124.43
08/12/2025,08/12/2025,NOON.COM VIP MEMBERSHIP,TXN70850498,7.50,,-116.93
08/12/2025,08/12/2025,SPOTIFY AB FAMILY PLAN,TXN11442247,29.90,,-87.03
09/12/2025,09/12/2025,UBER B.V. DUBAI,TXN86615974,33.01,,-54.02
09/12/2025,09/12/2025,MERAAS PARKING,TXN65443007,23.66,,-30.36
09/12/2025,09/12/2025,BABYSHOP DUBAI,TXN16453315,208.44,,178.08
09/12/2025,09/12/2025,DISNEY PLUS UAE,TXN55334121,39.99,,218.07
10/12/2025,10/12/2025,WEST ZONE SUPERMARKET JVC,TXN67329843,659.16,,877.23
10/12/2025,10/12/2025,CAFE NERO MOE,TXN45561174,23.94,,901.17
10/12/2025,10/12/2025,RTA SALIK TOLL,TXN39532669,4.00,,905.17
11/12/2025,11/12/2025,KIDZANIA DUBAI MALL,TXN40638780,211.17,,1116.34
12/12/2025,12/12/2025,ADNOC SERVICE STATION SHEIKH ZAYED,TXN37290373,204.11,,1320.45
12/12/2025,12/12/2025,RTA SALIK TOLL,TXN78295787,4.00,,1324.45
12/12/2025,12/12/2025,REEL CINEMAS DUBAI MALL,TXN72493011,187.76,,1512.21
13/12/2025,13/12/2025,PARKIN DUBAI,TXN90745957,10.60,,1522.81
13/12/2025,13/12/2025,MERAAS PARKING,TXN32372610,21.10,,1543.91
14/12/2025,14/12/2025,OSN STREAMING ARABIC,TXN62170303,99.00,,1642.91
14/12/2025,14/12/2025,APPLE ICLOUD PLUS FAMILY,TXN82985749,11.49,,1654.40
15/12/2025,15/12/2025,UNION COOP AL BARSHA,TXN74981679,504.14,,2158.54
16/12/2025,16/12/2025,SHARAF DG ONLINE,TXN72361418,444.83,,2603.37
16/12/2025,16/12/2025,LINKEDIN PREMIUM CAREER,TXN24665960,99.00,,2702.37
17/12/2025,17/12/2025,CAFE NERO MOE,TXN11363139,31.90,,2734.27
17/12/2025,17/12/2025,CAFE NERO MOE,TXN93732107,31.72,,2765.99
18/12/2025,18/12/2025,RTA SALIK TOLL,TXN90570186,4.00,,2769.99
19/12/2025,19/12/2025,CHOITHRAMS JVC,TXN63858734,333.24,,3103.23
19/12/2025,19/12/2025,STARBUCKS JVC,TXN47759351,30.52,,3133.75
20/12/2025,20/12/2025,CARREFOUR HYPERMARKET MOE,TXN44174538,502.81,,3636.56
20/12/2025,20/12/2025,ZOMATO UAE,TXN48430671,112.83,,3749.39
21/12/2025,21/12/2025,CHOITHRAMS JVC,TXN63622581,645.20,,4394.59
21/12/2025,21/12/2025,FLYDUBAI TICKETS GEORGIA FAMILY,TXN90241687,3850.00,,8244.59
21/12/2025,21/12/2025,PAYMENT RECEIVED - THANK YOU,TXN50957058,,6529.29,1715.30
22/12/2025,22/12/2025,DELIVEROO UAE,TXN16016998,77.93,,1793.23
22/12/2025,22/12/2025,STARBUCKS JVC,TXN42757085,35.84,,1829.07
22/12/2025,22/12/2025,PARKIN DUBAI,TXN71682740,17.16,,1846.23
23/12/2025,23/12/2025,ZOMATO UAE,TXN33963693,162.76,,2008.99
23/12/2025,23/12/2025,BOOKING.COM TBILISI HOTEL 4 NIGHTS,TXN13572514,1980.00,,3988.99
25/12/2025,25/12/2025,MERAAS PARKING,TXN52060866,19.47,,4008.46
25/12/2025,25/12/2025,MAX FASHION MIRDIF,TXN65985879,325.34,,4333.80
25/12/2025,25/12/2025,BOLT TBILISI,TXN82396205,145.00,,4478.80
26/12/2025,26/12/2025,TALABAT.COM DUBAI,TXN42770765,57.07,,4535.87
27/12/2025,27/12/2025,RTA SALIK TOLL,TXN27109223,4.00,,4539.87
28/12/2025,28/12/2025,CARREFOUR HYPERMARKET MOE,TXN66489437,675.91,,5215.78
29/12/2025,29/12/2025,ZOMATO UAE,TXN62208722,158.63,,5374.41
31/12/2025,31/12/2025,RTA SALIK TOLL,TXN10553951,4.00,,5378.41
01/01/2026,01/01/2026,FIRSTCRY.AE,TXN74076885,407.71,,5786.12
03/01/2026,03/01/2026,RTA SALIK TOLL,TXN55503697,4.00,,5790.12
03/01/2026,03/01/2026,RTA SALIK TOLL,TXN62170162,4.00,,5794.12
03/01/2026,03/01/2026,CARREFOUR ONLINE,TXN77621680,159.58,,5953.70
04/01/2026,04/01/2026,RTA SALIK TOLL,TXN89549189,4.00,,5957.70
04/01/2026,04/01/2026,NETFLIX.COM PREMIUM,TXN61247480,56.00,,6013.70
04/01/2026,04/01/2026,AMAZON PRIME UAE,TXN57502703,16.00,,6029.70
05/01/2026,05/01/2026,TIM HORTONS MIRDIF,TXN20708628,36.46,,6066.16
05/01/2026,05/01/2026,RTA SALIK TOLL,TXN64900957,4.00,,6070.16
06/01/2026,06/01/2026,OPERATION FALAFEL JVC,TXN50540066,118.91,,6189.07
06/01/2026,06/01/2026,NOON.COM VIP MEMBERSHIP,TXN83314443,7.50,,6196.57
07/01/2026,07/01/2026,SMILES BY ETISALAT,TXN17801037,91.49,,6288.06
07/01/2026,07/01/2026,RTA SALIK TOLL,TXN77050221,4.00,,6292.06
07/01/2026,07/01/2026,RTA SALIK TOLL,TXN85462230,4.00,,6296.06
08/01/2026,08/01/2026,COSTA COFFEE MOE,TXN80329766,27.02,,6323.08
08/01/2026,08/01/2026,RTA SALIK TOLL,TXN33480401,4.00,,6327.08
08/01/2026,08/01/2026,RTA SALIK TOLL,TXN15969938,4.00,,6331.08
08/01/2026,08/01/2026,EARLY LEARNING CENTRE MOE,TXN98773659,450.00,,6781.08
09/01/2026,09/01/2026,RTA SALIK TOLL,TXN43406752,4.00,,6785.08
09/01/2026,09/01/2026,SPOTIFY AB FAMILY PLAN,TXN86859251,29.90,,6814.98
10/01/2026,10/01/2026,TALABAT.COM DUBAI,TXN67814425,56.73,,6871.71
10/01/2026,10/01/2026,SMILES BY ETISALAT,TXN32940889,175.68,,7047.39
10/01/2026,10/01/2026,ENOC AL BARSHA,TXN34252300,255.68,,7303.07
10/01/2026,10/01/2026,RTA SALIK TOLL,TXN14548734,4.00,,7307.07
11/01/2026,11/01/2026,MERAAS PARKING,TXN87943077,11.44,,7318.51
11/01/2026,11/01/2026,DISNEY PLUS UAE,TXN94023265,39.99,,7358.50
12/01/2026,12/01/2026,RTA SALIK TOLL,TXN81502578,4.00,,7362.50
14/01/2026,14/01/2026,OPERATION FALAFEL JVC,TXN69259508,255.81,,7618.31
14/01/2026,14/01/2026,COSTA COFFEE MOE,TXN65005204,22.55,,7640.86
14/01/2026,14/01/2026,BIN SINA PHARMACY MOE,TXN86994165,47.37,,7688.23
14/01/2026,14/01/2026,OSN STREAMING ARABIC,TXN54591543,99.00,,7787.23
15/01/2026,15/01/2026,APPLE ICLOUD PLUS FAMILY,TXN43323512,11.49,,7798.72
16/01/2026,16/01/2026,WEST ZONE SUPERMARKET JVC,TXN92748429,468.98,,8267.70
16/01/2026,16/01/2026,COSTA COFFEE MOE,TXN76812242,26.96,,8294.66
16/01/2026,16/01/2026,TIM HORTONS MIRDIF,TXN21869890,18.48,,8313.14
16/01/2026,16/01/2026,LINKEDIN PREMIUM CAREER,TXN25085658,99.00,,8412.14
17/01/2026,17/01/2026,CAFE NERO MOE,TXN10899714,19.20,,8431.34
17/01/2026,17/01/2026,CAFE NERO MOE,TXN13483487,21.69,,8453.03
17/01/2026,17/01/2026,UBER B.V. DUBAI,TXN86333653,44.53,,8497.56
19/01/2026,19/01/2026,CARREFOUR HYPERMARKET MOE,TXN79474561,620.89,,9118.45
19/01/2026,19/01/2026,RTA SALIK TOLL,TXN90331926,4.00,,9122.45
19/01/2026,19/01/2026,BABYSHOP DUBAI,TXN77079380,412.24,,9534.69
19/01/2026,19/01/2026,BOOTS PHARMACY MOE,TXN64708089,93.73,,9628.42
20/01/2026,20/01/2026,ZOMATO UAE,TXN99802935,159.67,,9788.09
21/01/2026,21/01/2026,RTA SALIK TOLL,TXN13006065,4.00,,9792.09
21/01/2026,21/01/2026,PAYMENT RECEIVED - THANK YOU,TXN13952661,,6182.74,3609.35
22/01/2026,22/01/2026,CHOITHRAMS JVC,TXN33631177,570.65,,4180.00
22/01/2026,22/01/2026,ASTER PHARMACY JVC,TXN78374563,168.50,,4348.50
24/01/2026,24/01/2026,LIFE PHARMACY DUBAI MARINA,TXN27148943,144.01,,4492.51
25/01/2026,25/01/2026,UBER B.V. DUBAI,TXN32431265,61.66,,4554.17
27/01/2026,27/01/2026,BABYSHOP DUBAI,TXN11672453,150.29,,4704.46
28/01/2026,28/01/2026,CAREEM NOW DUBAI,TXN76201502,75.17,,4779.63
29/01/2026,29/01/2026,RTA SALIK TOLL,TXN12266713,4.00,,4783.63
30/01/2026,30/01/2026,AUTOMATIC RESTAURANT,TXN21741106,175.38,,4959.01
30/01/2026,30/01/2026,RTA SALIK TOLL,TXN94350774,4.00,,4963.01
30/01/2026,30/01/2026,RTA SALIK TOLL,TXN66954061,4.00,,4967.01
30/01/2026,30/01/2026,CAREEM NETWORKS DUBAI,TXN92763488,60.12,,5027.13
31/01/2026,31/01/2026,RTA SALIK TOLL,TXN29432096,4.00,,5031.13
01/02/2026,01/02/2026,ADNOC SERVICE STATION SHEIKH ZAYED,TXN92914505,193.92,,5225.05
01/02/2026,01/02/2026,ADNOC SERVICE STATION SHEIKH ZAYED,TXN79974269,231.46,,5456.51
02/02/2026,02/02/2026,TALABAT.COM DUBAI,TXN45049910,108.10,,5564.61
02/02/2026,02/02/2026,PF CHANGS DIFC,TXN51941310,173.25,,5737.86
02/02/2026,02/02/2026,NOON.COM,TXN35004522,190.41,,5928.27
03/02/2026,03/02/2026,RTA SALIK TOLL,TXN76875826,4.00,,5932.27
03/02/2026,03/02/2026,PARKIN DUBAI,TXN79319915,26.48,,5958.75
05/02/2026,05/02/2026,TEXAS ROADHOUSE JBR,TXN29251274,310.00,,6268.75
05/02/2026,05/02/2026,RTA SALIK TOLL,TXN16870286,4.00,,6272.75
05/02/2026,05/02/2026,NETFLIX.COM PREMIUM,TXN60914754,56.00,,6328.75
05/02/2026,05/02/2026,AMAZON PRIME UAE,TXN30571340,16.00,,6344.75
06/02/2026,06/02/2026,TALABAT.COM DUBAI,TXN47114323,66.73,,6411.48
06/02/2026,06/02/2026,TEXAS ROADHOUSE JBR,TXN45759511,260.90,,6672.38
06/02/2026,06/02/2026,RTA SALIK TOLL,TXN39165410,4.00,,6676.38
06/02/2026,06/02/2026,NOON.COM VIP MEMBERSHIP,TXN18415278,7.50,,6683.88
07/02/2026,07/02/2026,RTA SALIK TOLL,TXN72680196,4.00,,6687.88
07/02/2026,07/02/2026,RTA SALIK TOLL,TXN68926019,4.00,,6691.88
07/02/2026,07/02/2026,RTA SALIK TOLL,TXN46667293,4.00,,6695.88
08/02/2026,08/02/2026,RTA SALIK TOLL,TXN67043950,4.00,,6699.88
08/02/2026,08/02/2026,SPOTIFY AB FAMILY PLAN,TXN61663406,29.90,,6729.78
09/02/2026,09/02/2026,DELIVEROO UAE,TXN46426355,173.03,,6902.81
09/02/2026,09/02/2026,MERAAS PARKING,TXN38189927,15.97,,6918.78
09/02/2026,09/02/2026,PARKIN DUBAI,TXN32227407,10.55,,6929.33
10/02/2026,10/02/2026,CAFE NERO MOE,TXN94295246,24.89,,6954.22
11/02/2026,11/02/2026,ZOMATO UAE,TXN37877207,167.87,,7122.09
11/02/2026,11/02/2026,PARKIN DUBAI,TXN25168749,15.06,,7137.15
11/02/2026,11/02/2026,DISNEY PLUS UAE,TXN67966682,39.99,,7177.14
11/02/2026,11/02/2026,OSN STREAMING ARABIC,TXN73692578,99.00,,7276.14
12/02/2026,12/02/2026,RTA SALIK TOLL,TXN68982824,4.00,,7280.14
13/02/2026,13/02/2026,RTA SALIK TOLL,TXN70086593,4.00,,7284.14
14/02/2026,14/02/2026,CARREFOUR HYPERMARKET MOE,TXN90015431,438.74,,7722.88
14/02/2026,14/02/2026,CHOITHRAMS JVC,TXN31244558,430.67,,8153.55
14/02/2026,14/02/2026,TIM HORTONS MIRDIF,TXN21365725,44.92,,8198.47
14/02/2026,14/02/2026,RTA SALIK TOLL,TXN48456744,4.00,,8202.47
14/02/2026,14/02/2026,BIN SINA PHARMACY MOE,TXN22309408,211.11,,8413.58
15/02/2026,15/02/2026,WEST ZONE SUPERMARKET JVC,TXN59976207,337.91,,8751.49
15/02/2026,15/02/2026,PIZZA HUT DELIVERY,TXN38970073,119.16,,8870.65
15/02/2026,15/02/2026,TIM HORTONS MIRDIF,TXN48909325,18.99,,8889.64
15/02/2026,15/02/2026,APPLE ICLOUD PLUS FAMILY,TXN50192853,11.49,,8901.13
16/02/2026,16/02/2026,CAFE NERO MOE,TXN69333981,27.09,,8928.22
17/02/2026,17/02/2026,CAREEM NOW DUBAI,TXN96212828,145.89,,9074.11
17/02/2026,17/02/2026,STARBUCKS JVC,TXN91091478,42.92,,9117.03
17/02/2026,17/02/2026,NAMSHI.COM,TXN98275029,108.33,,9225.36
18/02/2026,18/02/2026,LINKEDIN PREMIUM CAREER,TXN62898711,99.00,,9324.36
19/02/2026,19/02/2026,RTA SALIK TOLL,TXN68950486,4.00,,9328.36
19/02/2026,19/02/2026,RTA SALIK TOLL,TXN27889593,4.00,,9332.36
20/02/2026,20/02/2026,RTA SALIK TOLL,TXN96101688,4.00,,9336.36
21/02/2026,21/02/2026,TIM HORTONS MIRDIF,TXN57101006,22.89,,9359.25
21/02/2026,21/02/2026,RTA SALIK TOLL,TXN33121583,4.00,,9363.25
21/02/2026,21/02/2026,PAYMENT RECEIVED - THANK YOU,TXN18470355,,5624.83,3738.42
23/02/2026,23/02/2026,DELIVEROO UAE,TXN81374769,125.11,,3863.53
23/02/2026,23/02/2026,DELIVEROO UAE,TXN89405108,101.84,,3965.37
24/02/2026,24/02/2026,RTA SALIK TOLL,TXN87238458,4.00,,3969.37
25/02/2026,25/02/2026,WEST ZONE SUPERMARKET JVC,TXN14749638,363.77,,4333.14
25/02/2026,25/02/2026,RTA SALIK TOLL,TXN38188002,4.00,,4337.14
25/02/2026,25/02/2026,RTA SALIK TOLL,TXN39052337,4.00,,4341.14
26/02/2026,26/02/2026,TIM HORTONS MIRDIF,TXN32589858,29.06,,4370.20
26/02/2026,26/02/2026,PARKIN DUBAI,TXN19770129,13.42,,4383.62
27/02/2026,27/02/2026,CAREEM NOW DUBAI,TXN27077776,152.47,,4536.09
27/02/2026,27/02/2026,RTA SALIK TOLL,TXN67996004,4.00,,4540.09
27/02/2026,27/02/2026,RTA SALIK TOLL,TXN63166708,4.00,,4544.09
28/02/2026,28/02/2026,EPPCO JEBEL ALI,TXN78466354,264.38,,4808.47
01/03/2026,01/03/2026,ZOMATO UAE,TXN65929323,135.99,,4944.46
01/03/2026,01/03/2026,RTA SALIK TOLL,TXN89219618,4.00,,4948.46
01/03/2026,01/03/2026,NETFLIX.COM PREMIUM,TXN31090036,56.00,,5004.46
02/03/2026,02/03/2026,TALABAT.COM DUBAI,TXN32330545,146.92,,5151.38
02/03/2026,02/03/2026,OPERATION FALAFEL JVC,TXN72478367,257.45,,5408.83
02/03/2026,02/03/2026,ADNOC SERVICE STATION SHEIKH ZAYED,TXN22032725,225.73,,5634.56
02/03/2026,02/03/2026,RTA SALIK TOLL,TXN39532143,4.00,,5638.56
02/03/2026,02/03/2026,AMAZON.AE,TXN80632910,174.08,,5812.64
03/03/2026,03/03/2026,RTA SALIK TOLL,TXN35304984,4.00,,5816.64
04/03/2026,04/03/2026,UBER B.V. DUBAI,TXN25935173,63.59,,5880.23
04/03/2026,04/03/2026,AMAZON PRIME UAE,TXN33070501,16.00,,5896.23
05/03/2026,05/03/2026,EPPCO JEBEL ALI,TXN85885731,200.92,,6097.15
06/03/2026,06/03/2026,RTA SALIK TOLL,TXN46656998,4.00,,6101.15
06/03/2026,06/03/2026,RTA SALIK TOLL,TXN75610752,4.00,,6105.15
06/03/2026,06/03/2026,NOON.COM VIP MEMBERSHIP,TXN22187216,7.50,,6112.65
07/03/2026,07/03/2026,TIM HORTONS MIRDIF,TXN59850739,40.59,,6153.24
08/03/2026,08/03/2026,NOON.COM,TXN99228205,302.97,,6456.21
09/03/2026,09/03/2026,STARBUCKS JVC,TXN13690274,33.01,,6489.22
09/03/2026,09/03/2026,SPOTIFY AB FAMILY PLAN,TXN99931613,29.90,,6519.12
10/03/2026,10/03/2026,DISNEY PLUS UAE,TXN27051365,39.99,,6559.11
12/03/2026,12/03/2026,CARREFOUR HYPERMARKET MOE,TXN95670429,678.59,,7237.70
12/03/2026,12/03/2026,RTA SALIK TOLL,TXN93200305,4.00,,7241.70
13/03/2026,13/03/2026,DELIVEROO UAE,TXN60199721,152.07,,7393.77
13/03/2026,13/03/2026,RTA SALIK TOLL,TXN30056572,4.00,,7397.77
13/03/2026,13/03/2026,RTA SALIK TOLL,TXN92652304,4.00,,7401.77
14/03/2026,14/03/2026,OPERATION FALAFEL JVC,TXN34297245,312.16,,7713.93
14/03/2026,14/03/2026,RTA SALIK TOLL,TXN17519380,4.00,,7717.93
15/03/2026,15/03/2026,COSTA COFFEE MOE,TXN75890858,22.17,,7740.10
15/03/2026,15/03/2026,OSN STREAMING ARABIC,TXN49474410,99.00,,7839.10
16/03/2026,16/03/2026,SPINNEYS DUBAI MARINA,TXN32963858,277.34,,8116.44
16/03/2026,16/03/2026,RTA SALIK TOLL,TXN55131008,4.00,,8120.44
16/03/2026,16/03/2026,APPLE ICLOUD PLUS FAMILY,TXN61711303,11.49,,8131.93
18/03/2026,18/03/2026,AL FANAR RESTAURANT,TXN53108364,314.63,,8446.56
18/03/2026,18/03/2026,RTA SALIK TOLL,TXN76554249,4.00,,8450.56
18/03/2026,18/03/2026,LINKEDIN PREMIUM CAREER,TXN86374394,99.00,,8549.56
19/03/2026,19/03/2026,CARREFOUR HYPERMARKET MOE,TXN77234982,206.72,,8756.28
19/03/2026,19/03/2026,MCDONALDS JVC,TXN35420489,218.19,,8974.47
19/03/2026,19/03/2026,MERAAS PARKING,TXN73021723,21.76,,8996.23
20/03/2026,20/03/2026,COSTA COFFEE MOE,TXN23088570,22.10,,9018.33
21/03/2026,21/03/2026,RTA SALIK TOLL,TXN75434605,4.00,,9022.33
21/03/2026,21/03/2026,BLOOMINGDALES BEAUTY DUBAI MALL,TXN64250519,850.00,,9872.33
23/03/2026,23/03/2026,CAREEM NOW DUBAI,TXN39146869,153.33,,10025.66
23/03/2026,23/03/2026,RTA SALIK TOLL,TXN49825725,4.00,,10029.66
23/03/2026,23/03/2026,ASTER PHARMACY JVC,TXN53788620,76.39,,10106.05
23/03/2026,23/03/2026,PAYMENT RECEIVED - THANK YOU,TXN30192982,,7364.25,2741.80
24/03/2026,24/03/2026,CAREEM NOW DUBAI,TXN67698641,173.87,,2915.67
28/03/2026,28/03/2026,ADNOC SERVICE STATION SHEIKH ZAYED,TXN14640089,270.01,,3185.68
30/03/2026,30/03/2026,RTA SALIK TOLL,TXN67337768,4.00,,3189.68
31/03/2026,31/03/2026,RTA SALIK TOLL,TXN44723454,4.00,,3193.68
31/03/2026,31/03/2026,RTA SALIK TOLL,TXN52219938,4.00,,3197.68
31/03/2026,31/03/2026,UBER B.V. DUBAI,TXN10513394,40.97,,3238.65
01/04/2026,01/04/2026,SPINNEYS DUBAI MARINA,TXN19491935,423.20,,3661.85
01/04/2026,01/04/2026,CAFE NERO MOE,TXN20421460,40.99,,3702.84
01/04/2026,01/04/2026,RTA SALIK TOLL,TXN49301600,4.00,,3706.84
01/04/2026,01/04/2026,UBER B.V. DUBAI,TXN60305242,28.43,,3735.27
02/04/2026,02/04/2026,COSTA COFFEE MOE,TXN92128181,20.92,,3756.19
03/04/2026,03/04/2026,ASTER PHARMACY JVC,TXN48517773,65.94,,3822.13
04/04/2026,04/04/2026,NETFLIX.COM PREMIUM,TXN65137085,56.00,,3878.13
04/04/2026,04/04/2026,AMAZON PRIME UAE,TXN14388083,16.00,,3894.13
05/04/2026,05/04/2026,EPPCO JEBEL ALI,TXN86867385,222.32,,4116.45
06/04/2026,06/04/2026,RTA SALIK TOLL,TXN67732171,4.00,,4120.45
07/04/2026,07/04/2026,NOON.COM VIP MEMBERSHIP,TXN58427402,7.50,,4127.95
08/04/2026,08/04/2026,RTA SALIK TOLL,TXN95085570,4.00,,4131.95
08/04/2026,08/04/2026,RTA SALIK TOLL,TXN81559012,4.00,,4135.95
08/04/2026,08/04/2026,SPOTIFY AB FAMILY PLAN,TXN48160431,29.90,,4165.85
09/04/2026,09/04/2026,RTA SALIK TOLL,TXN54171411,4.00,,4169.85
09/04/2026,09/04/2026,RTA SALIK TOLL,TXN16172851,4.00,,4173.85
09/04/2026,09/04/2026,SHARAF DG ONLINE,TXN13752892,233.48,,4407.33
09/04/2026,09/04/2026,ZARA KIDS DUBAI MALL EID,TXN71520218,540.00,,4947.33
10/04/2026,10/04/2026,TIM HORTONS MIRDIF,TXN94752939,26.71,,4974.04
10/04/2026,10/04/2026,RTA SALIK TOLL,TXN46026686,4.00,,4978.04
10/04/2026,10/04/2026,RTA SALIK TOLL,TXN79990781,4.00,,4982.04
10/04/2026,10/04/2026,RTA SALIK TOLL,TXN53412993,4.00,,4986.04
11/04/2026,11/04/2026,RTA SALIK TOLL,TXN25467899,4.00,,4990.04
11/04/2026,11/04/2026,PARKIN DUBAI,TXN48156970,27.52,,5017.56
11/04/2026,11/04/2026,OSN STREAMING ARABIC,TXN82923434,99.00,,5116.56
11/04/2026,11/04/2026,AL FANAR RESTAURANT EID DINNER,TXN25701358,480.00,,5596.56
12/04/2026,12/04/2026,LULU HYPERMARKET JVC,TXN10101166,235.14,,5831.70
12/04/2026,12/04/2026,TALABAT.COM DUBAI,TXN24964281,90.18,,5921.88
12/04/2026,12/04/2026,NAMSHI.COM,TXN37789687,237.19,,6159.07
13/04/2026,13/04/2026,RTA SALIK TOLL,TXN41957458,4.00,,6163.07
13/04/2026,13/04/2026,DISNEY PLUS UAE,TXN18587366,39.99,,6203.06
14/04/2026,14/04/2026,CAREEM NETWORKS DUBAI,TXN60046570,54.53,,6257.59
14/04/2026,14/04/2026,CAREEM NETWORKS DUBAI,TXN67508601,62.02,,6319.61
15/04/2026,15/04/2026,RTA SALIK TOLL,TXN15705009,4.00,,6323.61
16/04/2026,16/04/2026,TIM HORTONS MIRDIF,TXN44606674,21.92,,6345.53
16/04/2026,16/04/2026,RTA SALIK TOLL,TXN13906032,4.00,,6349.53
16/04/2026,16/04/2026,APPLE ICLOUD PLUS FAMILY,TXN84386706,11.49,,6361.02
16/04/2026,16/04/2026,LINKEDIN PREMIUM CAREER,TXN36602467,99.00,,6460.02
18/04/2026,18/04/2026,RTA SALIK TOLL,TXN72312590,4.00,,6464.02
20/04/2026,20/04/2026,RTA SALIK TOLL,TXN78656923,4.00,,6468.02
20/04/2026,20/04/2026,VOX CINEMAS MOE,TXN19618499,219.88,,6687.90
21/04/2026,21/04/2026,WEST ZONE SUPERMARKET JVC,TXN91752186,351.83,,7039.73
21/04/2026,21/04/2026,MERAAS PARKING,TXN54508967,27.79,,7067.52
22/04/2026,22/04/2026,TIM HORTONS MIRDIF,TXN96293314,20.23,,7087.75
22/04/2026,22/04/2026,RTA SALIK TOLL,TXN93425386,4.00,,7091.75
22/04/2026,22/04/2026,RTA SALIK TOLL,TXN66496959,4.00,,7095.75
23/04/2026,23/04/2026,CHOITHRAMS JVC,TXN18653740,301.33,,7397.08
23/04/2026,23/04/2026,CAFE NERO MOE,TXN12066859,28.79,,7425.87
23/04/2026,23/04/2026,PAYMENT RECEIVED - THANK YOU,TXN19446287,,6737.74,688.13
24/04/2026,24/04/2026,SMILES BY ETISALAT,TXN18357654,123.60,,811.73
24/04/2026,24/04/2026,FIRSTCRY.AE,TXN25396553,78.36,,890.09
26/04/2026,26/04/2026,COSTA COFFEE MOE,TXN87246582,34.36,,924.45
26/04/2026,26/04/2026,RTA SALIK TOLL,TXN55280766,4.00,,928.45
26/04/2026,26/04/2026,MAX FASHION MIRDIF,TXN48347255,349.47,,1277.92
27/04/2026,27/04/2026,CHOITHRAMS JVC,TXN45298530,501.68,,1779.60
27/04/2026,27/04/2026,COSTA COFFEE MOE,TXN51418950,27.92,,1807.52
27/04/2026,27/04/2026,CENTREPOINT JVC,TXN60847826,134.16,,1941.68
28/04/2026,28/04/2026,RTA SALIK TOLL,TXN18668598,4.00,,1945.68
28/04/2026,28/04/2026,RTA SALIK TOLL,TXN59199240,4.00,,1949.68
30/04/2026,30/04/2026,TIM HORTONS MIRDIF,TXN23684796,27.28,,1976.96
30/04/2026,30/04/2026,ADNOC SERVICE STATION SHEIKH ZAYED,TXN57621286,185.82,,2162.78
30/04/2026,30/04/2026,RTA SALIK TOLL,TXN75506791,4.00,,2166.78
30/04/2026,30/04/2026,MERAAS PARKING,TXN56776833,13.82,,2180.60
30/04/2026,30/04/2026,NOON.COM,TXN99824730,400.35,,2580.95
01/05/2026,01/05/2026,ZOMATO UAE,TXN43196434,94.02,,2674.97
01/05/2026,01/05/2026,RTA SALIK TOLL,TXN92980295,4.00,,2678.97
01/05/2026,01/05/2026,RTA SALIK TOLL,TXN94841438,4.00,,2682.97
01/05/2026,01/05/2026,CARREFOUR ONLINE,TXN95233683,120.11,,2803.08
02/05/2026,02/05/2026,RTA SALIK TOLL,TXN27976094,4.00,,2807.08
02/05/2026,02/05/2026,SHARAF DG ONLINE,TXN19271956,139.75,,2946.83
04/05/2026,04/05/2026,SMILES BY ETISALAT,TXN16667344,87.98,,3034.81
04/05/2026,04/05/2026,NETFLIX.COM PREMIUM,TXN99734224,56.00,,3090.81
04/05/2026,04/05/2026,AMAZON PRIME UAE,TXN33054329,16.00,,3106.81
05/05/2026,05/05/2026,RTA SALIK TOLL,TXN57123395,4.00,,3110.81
06/05/2026,06/05/2026,TIM HORTONS MIRDIF,TXN49021614,18.32,,3129.13
06/05/2026,06/05/2026,NOON.COM VIP MEMBERSHIP,TXN86712302,7.50,,3136.63
09/05/2026,09/05/2026,COSTA COFFEE MOE,TXN15236943,18.59,,3155.22
09/05/2026,09/05/2026,EPPCO JEBEL ALI,TXN94235602,275.74,,3430.96
09/05/2026,09/05/2026,RTA SALIK TOLL,TXN91914087,4.00,,3434.96
09/05/2026,09/05/2026,SHARAF DG ONLINE,TXN32044720,364.60,,3799.56
09/05/2026,09/05/2026,SPOTIFY AB FAMILY PLAN,TXN97474675,29.90,,3829.46
10/05/2026,10/05/2026,DISNEY PLUS UAE,TXN18894013,39.99,,3869.45
11/05/2026,11/05/2026,CAFE NERO MOE,TXN83831393,26.47,,3895.92
11/05/2026,11/05/2026,MERAAS PARKING,TXN96063587,23.80,,3919.72
12/05/2026,12/05/2026,COSTA COFFEE MOE,TXN77651191,29.46,,3949.18
12/05/2026,12/05/2026,ADNOC SERVICE STATION SHEIKH ZAYED,TXN93750247,217.23,,4166.41
12/05/2026,12/05/2026,OSN STREAMING ARABIC,TXN17933098,99.00,,4265.41
13/05/2026,13/05/2026,RTA SALIK TOLL,TXN48042962,4.00,,4269.41
14/05/2026,14/05/2026,PF CHANGS DIFC,TXN88621916,220.01,,4489.42
14/05/2026,14/05/2026,APPLE ICLOUD PLUS FAMILY,TXN91035867,11.49,,4500.91
18/05/2026,18/05/2026,RTA SALIK TOLL,TXN54449566,4.00,,4504.91
18/05/2026,18/05/2026,LINKEDIN PREMIUM CAREER,TXN43502335,99.00,,4603.91
19/05/2026,19/05/2026,TIM HORTONS MIRDIF,TXN20160097,44.49,,4648.40
19/05/2026,19/05/2026,RTA SALIK TOLL,TXN50108465,4.00,,4652.40
20/05/2026,20/05/2026,RTA SALIK TOLL,TXN34014642,4.00,,4656.40
20/05/2026,20/05/2026,BOOTS PHARMACY MOE,TXN39667876,175.33,,4831.73
21/05/2026,21/05/2026,COSTA COFFEE MOE,TXN75185516,44.69,,4876.42
21/05/2026,21/05/2026,CAFE NERO MOE,TXN94045939,26.21,,4902.63
22/05/2026,22/05/2026,CAREEM NOW DUBAI,TXN40906116,97.59,,5000.22
22/05/2026,22/05/2026,RTA SALIK TOLL,TXN38923132,4.00,,5004.22
22/05/2026,22/05/2026,RTA SALIK TOLL,TXN96250608,4.00,,5008.22
22/05/2026,22/05/2026,PAYMENT RECEIVED - THANK YOU,TXN61330351,,7664.32,-2656.10
23/05/2026,23/05/2026,RTA SALIK TOLL,TXN96671622,4.00,,-2652.10
23/05/2026,23/05/2026,RTA SALIK TOLL,TXN86002894,4.00,,-2648.10
23/05/2026,23/05/2026,RTA SALIK TOLL,TXN69681953,4.00,,-2644.10
24/05/2026,24/05/2026,ASTER PHARMACY JVC,TXN85994901,179.19,,-2464.91
25/05/2026,25/05/2026,CAREEM NOW DUBAI,TXN52798547,62.03,,-2402.88
25/05/2026,25/05/2026,RTA SALIK TOLL,TXN22897913,4.00,,-2398.88
25/05/2026,25/05/2026,RTA SALIK TOLL,TXN66045674,4.00,,-2394.88
25/05/2026,25/05/2026,RTA SALIK TOLL,TXN80403148,4.00,,-2390.88
25/05/2026,25/05/2026,MERAAS PARKING,TXN53818021,23.66,,-2367.22
26/05/2026,26/05/2026,SMILES BY ETISALAT,TXN48726196,154.42,,-2212.80
26/05/2026,26/05/2026,LIFE PHARMACY DUBAI MARINA,TXN28945559,88.25,,-2124.55
27/05/2026,27/05/2026,RTA SALIK TOLL,TXN46056787,4.00,,-2120.55
27/05/2026,27/05/2026,RTA SALIK TOLL,TXN71941349,4.00,,-2116.55
27/05/2026,27/05/2026,MERAAS PARKING,TXN50732881,25.95,,-2090.60
28/05/2026,28/05/2026,COSTA COFFEE MOE,TXN45637632,31.87,,-2058.73
28/05/2026,28/05/2026,RTA SALIK TOLL,TXN78223837,4.00,,-2054.73
29/05/2026,29/05/2026,CAFE NERO MOE,TXN11551982,35.02,,-2019.71
31/05/2026,31/05/2026,UNION COOP AL BARSHA,TXN54737986,631.38,,-1388.33
31/05/2026,31/05/2026,OPERATION FALAFEL JVC,TXN88144268,229.89,,-1158.44
